% This file was created with JabRef 2.9.2.
% Encoding: Cp1252

@MISC{Barak-FOCS,
  author = {Boaz Barak},
  title = {Advice for {FOCS} authors},
  howpublished = {http://windowsontheory.org/2014/02/09/advice-for-focs-authors},
  note = {Accessed: 2015-02-01}
}

